@misc{cisco2020,
	title = {Securing the Internet of Things: A Proposed Framework},
	author = {{Cisco Security}},
	year = {2020},
	howpublished = "\url{https://tools.cisco.com/security/center/resources/secure_iot_proposed_framework}",
	note = "[Online, last accessed 1-26-2020]"
}

@misc{girken2020incident,
	title ={2020 Incident Response Steps for {NIST} and {SANS}},
	author ={Girken, Elisha},
	year = {2020},
	howpublished = "{AT\&T Cybersecurity}. \url{https://cybersecurity.att.com/blogs/security-essentials/incident-response-steps-comparison-guide}",
	note = "[Online, last accessed 1-26-2020]"
}

@misc{mWebster2020cybersec,
	author = {{Merriam-Webster Dictionary}},
	title = {{Security | Definition of Cybersecurity by Merriam-Webster}},
	year = {2020},
	howpublished = "\url{https://www.merriam-webster.com/dictionary/cybersecurity}",
	note = "[Online, last accessed 1-26-2020]"	
}

@misc{mWebster2020sec,
	author = {{Merriam-Webster Dictionary}},
	title = {{Security | Definition of Security by Merriam-Webster}},
	year = {2020},
	howpublished = "\url{https://www.merriam-webster.com/dictionary/security}",
	note = "[Online, last accessed 1-26-2020]"	
}

@misc{pacheco2017anomaly,
	title={An Anomaly Behavior Analysis Methodology for the Internet of Things: Design, Analysis, and Evaluation},
	author={Pacheco Ramirez, Jesus Horacio},
	year={2017},
	howpublished={{PhD Dissertation. The University of Arizona. \url{https://repository.arizona.edu/bitstream/handle/10150/625581/azu_etd_15658_sip1_m.pdf}}},
	note = "[Online, last accessed 1-26-2020]"
}

@misc{sans2002info,
	author = {LaPiedra, James},
	title = {The Information Security Process: Prevention, Detection and Response},
	year = {2002},
	howpublished = {{SANS Institute. Global Information Assurance Certification Paper. \url{https://www.giac.org/paper/gsec/501/information-security-process-prevention-detection-response/101197}}},
	note = "[Online, last accessed 1-26-2020]"
}

@misc{sans2020infosec,
	author = {{SANS Institute}},
	title = {{SANS Institute | Information Security Resources}},
	year = {2020},
	howpublished = "\url{https://www.sans.org/information-security/}",
	note = "[Online, last accessed 1-26-2020]"	
}

@article{von2013information,
	title={From information security to cyber security},
	author={Von Solms, Rossouw and Van Niekerk, Johan},
	journal={Computers \& Security},
	volume={38},
	pages={97--102},
	year={2013},
	publisher={Elsevier}
}

@book{whitman2011principles,
	title={Principles of information security},
	author={Whitman, Michael E and Mattord, Herbert J},
	year={2011},
	publisher={Cengage Learning}
}