@misc{att2020reputation,
  title= {What is {IP/Domain} Reputation?},
  author = {{AT}\&{T Cybersecurity}},
  howpublished = {\url{https://cybersecurity.att.com/resource-center/videos/what-is-ip-domain-reputation}},
  year = {2022},
  note="[Online. Last accessed August 30, 2022]"
}

@article{azevedo2008kdd,
  title={KDD, SEMMA and CRISP-DM: a parallel overview},
  author={Azevedo, Ana Isabel Roj{\~a}o Louren{\c{c}}o and Santos, Manuel Filipe},
  journal={IADS-DM},
  year={2008}
}

@book{de2013introduction,
  title={An introduction to data cleaning with R},
  author={De Jonge, Edwin and Van Der Loo, Mark},
  year={2013},
  publisher={Statistics Netherlands Heerlen}
}

@book{jacobs2014data,
  title={Data-driven security: analysis, visualization and dashboards},
  author={Jacobs, Jay and Rudis, Bob},
  year={2014},
  publisher={John Wiley \& Sons}
}

@misc{sans2020suspicious,
  title= {Suspicious Domains},
  author = {{SANS Internet Storm Center}},
  howpublished = {\url{https://isc.sans.edu/suspicious_domains.html}},
  year = {2022},
  note="[Online. Last accessed August 30, 2022]"
}

@misc{scikit2020choosing,
    key = {{Scikit-Learn}},
    title={Choosing the right estimator},
    howpublished={\url{https://scikit-learn.org/stable/tutorial/machine_learning_map/index.html}},
    year={2022},
    note="[Online. Last accessed August 30, 2022]"
}

@inproceedings{tavallaee2009detailed,
  title={A detailed analysis of the KDD CUP 99 data set},
  author={Tavallaee, Mahbod and Bagheri, Ebrahim and Lu, Wei and Ghorbani, Ali A},
  booktitle={2009 IEEE symposium on computational intelligence for security and defense applications},
  pages={1--6},
  year={2009},
  organization={IEEE}
}

@misc{wikipedia2020data,
  title={Data analysis},
  howpublished={Wikipedia. \url{https://en.wikipedia.org/wiki/Data_analysis}},
  year={2022},
  note="[Online. Last accessed August 30, 2022]"
}
