@misc{liu2019python,
  title={Python Machine Learning By Example},
  author={Liu, Yuxi},
  year={2019},
  publisher={Packt},
  url = {https://subscription.packtpub.com/book/big_data_and_business_intelligence/9781789616729}
}

@misc{mitchell2006discipline,
  title={The discipline of machine learning},
  author={Mitchell, Tom Michael},
  year={2006},
  publisher={Machine Learning Department. School of Computer Science, Carnegie Mellon University},
  url = {http://ra.adm.cs.cmu.edu/anon/usr0/ftp/anon/ml/CMU-ML-06-108.pdf}
}

@misc{molnar2019interpretable,
  title={Interpretable machine learning},
  author={Molnar, Christoph},
  year={2019},
  publisher={Lulu.com},
  url = {https://christophm.github.io/interpretable-ml-book/}
}


@article{samuel1959some,
  title={Some studies in machine learning using the game of checkers},
  author={Samuel, Arthur L},
  journal={{IBM} Journal of Research and Development},
  volume={3},
  number={3},
  pages={210--229},
  year={1959},
  publisher={IBM},
  url={https://ieeexplore.ieee.org/stamp/stamp.jsp?tp=&arnumber=5392560}
}

@misc{scikit2020choosing,
    key = {{Scikit-Learn}},
    title={Choosing the right estimator},
    howpublished={\url{https://scikit-learn.org/stable/tutorial/machine_learning_map/index.html}},
    year={2020},
    note="[Online. Last accessed February 1, 2020]"
}