@article{anscombe1973graphs,
  title={Graphs in statistical analysis},
  author={Anscombe, Francis J},
  journal={The american statistician},
  volume={27},
  number={1},
  pages={17--21},
  year={1973},
  publisher={Taylor \& Francis Group}
}

@article{cai2012neuronal,
  title={Neuronal encoding of subjective value in dorsal and ventral anterior cingulate cortex},
  author={Cai, Xinying and Padoa-Schioppa, Camillo},
  journal={Journal of Neuroscience},
  volume={32},
  number={11},
  pages={3791--3808},
  year={2012},
  publisher={Soc Neuroscience}
}

@article{mackinlay1986automating,
  title={Automating the design of graphical presentations of relational information},
  author={Mackinlay, Jock},
  journal={Acm Transactions On Graphics (Tog)},
  volume={5},
  number={2},
  pages={110--141},
  year={1986},
  publisher={Acm New York, NY, USA}
}


@misc{rds2016,
  author = {Grolemund, Garrett and Wickham, Haldey},
  title = {R for Data Sciece},
  year = {2016},
  howpublished = {{O Reilly Media, Inc.} \url{https://r4ds.had.co.nz/index.html}. [Note you are highly encouraged to read and use Ch. 7 of the book.]},
  note = "[Online. Last accessed Feb, 16 2020]"
}

@misc{wickham2020gg,
  title={ggplot2: Elegant Graphics for Data Analysiss},
  author={Wickham, Hadley},
  year={2020},
  howpublished={\url{https://ggplot2-book.org/index.html}},
  note =  "[Online. Last accessed Feb, 16 2020]"
}

@misc{wilke2019fundamentals,
  title={Fundamentals of data visualization: a primer on making informative and compelling figures},
  author={Wilke, Claus O},
  year={2019},
  howpublished={O'Reilly Media. \url{https://serialmentor.com/dataviz/index.html}},
  note =  "[Online. Last accessed Feb, 16 2020]"
}

@article{yarkoni2017choosing,
  title={Choosing prediction over explanation in psychology: Lessons from machine learning},
  author={Yarkoni, Tal and Westfall, Jacob},
  journal={Perspectives on Psychological Science},
  volume={12},
  number={6},
  pages={1100--1122},
  year={2017},
  publisher={Sage Publications Sage CA: Los Angeles, CA}
}