@article{frank2012touchalytics,
  title={Touchalytics: On the applicability of touchscreen input as a behavioral biometric for continuous authentication},
  author={Frank, Mario and Biedert, Ralf and Ma, Eugene and Martinovic, Ivan and Song, Dawn},
  journal={{IEEE Transactions on Information Forensics and Security}},
  volume={8},
  number={1},
  pages={136--148},
  year={2012},
  publisher={IEEE}
}