@misc{lawrence2015,
  title = {Companies Are Tracking Employees to Nab Traitors},
  author = {Lawrence, Dune},
  year ={2015},
  publisher ={Bloomberg},
  url = {https://www.bloomberg.com/news/articles/2015-03-12/companies-are-tracking-employees-to-nab-traitors}
}

@misc{liu2019python,
  title={Python Machine Learning By Example},
  author={Liu, Yuxi},
  year={2019},
  publisher={Packt},
  url = {https://subscription.packtpub.com/book/big_data_and_business_intelligence/9781789616729}
}

@misc{mitchell2006discipline,
  title={The discipline of machine learning},
  author={Mitchell, Tom Michael},
  year={2006},
  publisher={Machine Learning Department. School of Computer Science, Carnegie Mellon University},
  url = {http://ra.adm.cs.cmu.edu/anon/usr0/ftp/anon/ml/CMU-ML-06-108.pdf}
}


@misc{molnar2019interpretable,
  title={Interpretable machine learning},
  author={Molnar, Christoph},
  year={2019},
  publisher={Lulu.com},
  url = {https://christophm.github.io/interpretable-ml-book/}
}


@misc{peters2019,
  title = {What is an Insider Threat? Definition and Examples},
  author = {Peters, Jeff},
  year ={2019},
  publisher = {Varonis},
  url={https://www.varonis.com/blog/insider-threats/}
}


@article{samuel1959some,
  title={Some studies in machine learning using the game of checkers},
  author={Samuel, Arthur L},
  journal={{IBM} Journal of Research and Development},
  volume={3},
  number={3},
  pages={210--229},
  year={1959},
  publisher={IBM},
  url={https://ieeexplore.ieee.org/stamp/stamp.jsp?tp=&arnumber=5392560}
}

@misc{scikit2020choosing,
    key = {{Scikit-Learn}},
    title={Choosing the right estimator},
    howpublished={\url{https://scikit-learn.org/stable/tutorial/machine_learning_map/index.html}},
    year={2020},
    note="[Online. Last accessed February 1, 2020]"
}

@inproceedings{monrose1997authentication,
  title={Authentication via keystroke dynamics},
  author={Monrose, Fabian and Rubin, Aviel},
  booktitle={Proceedings of the 4th ACM conference on Computer and communications security},
  pages={48--56},
  year={1997}
}

@inproceedings{zheng2011efficient,
  title={An efficient user verification system via mouse movements},
  author={Zheng, Nan and Paloski, Aaron and Wang, Haining},
  booktitle={Proceedings of the 18th ACM conference on Computer and communications security},
  pages={139--150},
  year={2011}
}

@article{frank2012touchalytics,
  title={Touchalytics: On the applicability of touchscreen input as a behavioral biometric for continuous authentication},
  author={Frank, Mario and Biedert, Ralf and Ma, Eugene and Martinovic, Ivan and Song, Dawn},
  journal={IEEE transactions on information forensics and security},
  volume={8},
  number={1},
  pages={136--148},
  year={2012},
  publisher={IEEE}
}

@inproceedings{li2013unobservable,
  title={Unobservable re-authentication for smartphones.},
  author={Li, Lingjun and Zhao, Xinxin and Xue, Guoliang},
  booktitle={NDSS},
  volume={56},
  pages={57--59},
  year={2013}
}

@inproceedings{de2012touch,
  title={Touch me once and i know it's you! implicit authentication based on touch screen patterns},
  author={De Luca, Alexander and Hang, Alina and Brudy, Frederik and Lindner, Christian and Hussmann, Heinrich},
  booktitle={proceedings of the SIGCHI Conference on Human Factors in Computing Systems},
  pages={987--996},
  year={2012}
}

@article{baghdadi2019monitoring,
  title={Monitoring worker fatigue using wearable devices: A case study to detect changes in gait parameters},
  author={Baghdadi, Amir and Cavuoto, Lora A and Jones-Farmer, Allison and Rigdon, Steven E and Esfahani, Ehsan T and Megahed, Fadel M},
  journal={Journal of Quality Technology},
  pages={1--25},
  year={2019},
  publisher={Taylor \& Francis}
}

@inproceedings{killourhy2009comparing,
  title={Comparing anomaly-detection algorithms for keystroke dynamics},
  author={Killourhy, Kevin S and Maxion, Roy A},
  booktitle={2009 IEEE/IFIP International Conference on Dependable Systems \& Networks},
  pages={125--134},
  year={2009},
  organization={IEEE}
}

@misc{lawrence2015,
  title = {Companies Are Tracking Employees to Nab Traitors},
  author = {Lawrence, Dune},
  year ={2015},
  publisher ={Bloomberg},
  url = {https://www.bloomberg.com/news/articles/2015-03-12/companies-are-tracking-employees-to-nab-traitors}
}

@misc{liu2019python,
  title={Python Machine Learning By Example},
  author={Liu, Yuxi},
  year={2019},
  publisher={Packt},
  url = {https://subscription.packtpub.com/book/big_data_and_business_intelligence/9781789616729}
}

@article{maman2017data,
  title={A data-driven approach to modeling physical fatigue in the workplace using wearable sensors},
  author={Maman, Zahra Sedighi and Yazdi, Mohammad Ali Alamdar and Cavuoto, Lora A and Megahed, Fadel M},
  journal={Applied Ergonomics},
  volume={65},
  pages={515--529},
  year={2017},
  publisher={Elsevier}
}

@misc{mitchell2006discipline,
  title={The discipline of machine learning},
  author={Mitchell, Tom Michael},
  year={2006},
  publisher={Machine Learning Department. School of Computer Science, Carnegie Mellon University},
  url = {http://ra.adm.cs.cmu.edu/anon/usr0/ftp/anon/ml/CMU-ML-06-108.pdf}
}

@inproceedings{mohamed2016gametrics,
  title={Gametrics: towards attack-resilient behavioral authentication with simple cognitive games},
  author={Mohamed, Manar and Saxena, Nitesh},
  booktitle={Proceedings of the 32nd Annual Conference on Computer Security Applications},
  pages={277--288},
  year={2016}
}

@misc{molnar2019interpretable,
  title={Interpretable machine learning},
  author={Molnar, Christoph},
  year={2019},
  publisher={Lulu.com},
  url = {https://christophm.github.io/interpretable-ml-book/}
}

@inproceedings{monrose1997authentication,
  title={Authentication via keystroke dynamics},
  author={Monrose, Fabian and Rubin, Aviel},
  booktitle={Proceedings of the 4th ACM conference on Computer and communications security},
  pages={48--56},
  year={1997}
}

@misc{peters2019,
  title = {What is an Insider Threat? Definition and Examples},
  author = {Peters, Jeff},
  year ={2019},
  publisher = {Varonis},
  url={https://www.varonis.com/blog/insider-threats/}
}


@article{samuel1959some,
  title={Some studies in machine learning using the game of checkers},
  author={Samuel, Arthur L},
  journal={{IBM} Journal of Research and Development},
  volume={3},
  number={3},
  pages={210--229},
  year={1959},
  publisher={IBM},
  url={https://ieeexplore.ieee.org/stamp/stamp.jsp?tp=&arnumber=5392560}
}

@misc{scikit2020choosing,
    key = {{Scikit-Learn}},
    title={Choosing the right estimator},
    howpublished={\url{https://scikit-learn.org/stable/tutorial/machine_learning_map/index.html}},
    year={2020},
    note="[Online. Last accessed February 1, 2020]"
}


@inproceedings{zheng2011efficient,
  title={An efficient user verification system via mouse movements},
  author={Zheng, Nan and Paloski, Aaron and Wang, Haining},
  booktitle={Proceedings of the 18th ACM conference on Computer and communications security},
  pages={139--150},
  year={2011}
}
